@BOOK{Meduna:Theory,
   author = {Alexander Meduna},
   title = {Automata and Languages: Theory and Applications},
   pages = {892},
   year = {2005},
   address = {London},
   publisher = {Springer Verlag},
   isbn = {1-85233-074-0},
   language = {english},
   url = {http://www.fit.vutbr.cz/research/view_pub.php?id=6177}
}

% TODO: Upravit později podle knihy
@BOOK{Dassow:RegulatedRewriting,
  author       = {J{\"u}rgen~Dassow and Gheorghe~P\u{a}un},
  title        = {{Regulated Rewriting in Formal Language Theory}},
  pages        = {308},
  year         = {1989},
  address      = {London},
  isbn         = {978-3-642-74934-6},
  language     = {english},
  publisher    = {Springer}
}

@INCOLLECTION{Meduna:DeepPDA,
   author = {Alexander Meduna},
   title = {Finitely Expandable Deep PDAs},
   pages = {113--123},
   booktitle = {Automata, Formal Languages and Algebraic Systems},
   year = {2010},
   address = {Hong Kong},
   publisher = {Hong Kong University of Science and Technology},
   isbn = {981-4317-60-8},
   language = {english},
   url = {http://www.fit.vutbr.cz/research/view_pub.php?id=9522}
}

@ARTICLE{Krivka:RewritingSystems,
   author = {Zbyněk Křivka and Alexander Meduna and Rudolf Schönecker},
   title = {Generation of Languages by Rewriting Systems that Resemble Automata},
   pages = {1223--1229},
   booktitle = {International Journal of Foundations of Computer Science},
   journal = {International Journal of Foundations of Computer Science},
   volume = {17},
   number = {5},
   year = {2006},
   issn = {0129-0541},
   language = {english},
   url = {http://www.fit.vutbr.cz/research/view_pub.php?id=8129}
}
